% This file was created with JabRef 2.10b2.
% Encoding: Cp1252

@Article{Nielsen,
  author = {Michael, Nielsen},
  title  = {Improving the way neural networks learn},
  year   = {2017},
  month  = {Aug},
  url    = {http://neuralnetworksanddeeplearning.com/chap3.html},
}

@book{cookbook,
  title={TensorFlow Machine Learning Cookbook},
  author={McClure, N.},
  isbn={9781786466303},
  url={https://books.google.de/books?id=LVQoDwAAQBAJ},
  year={2017},
  publisher={Packt Publishing}
}

@Book{handson,
  title={Hands-On Machine Learning with Scikit-Learn and TensorFlow: Concepts, Tools, and Techniques to Build Intelligent Systems},
  author={G{\'e}ron, A.},
  isbn={9781491962244},
  url={https://books.google.de/books?id=bRpYDgAAQBAJ},
  year={2017},
  publisher={O'Reilly Media}
}

@Book{Rashid,
 author = {Rashid, Tariq},
 title = {Make Your Own Neural Network},
 year = {2016},
 isbn = {1530826608, 9781530826605},
 edition = {1st},
 publisher = {CreateSpace Independent Publishing Platform},
 address = {USA},
}

@BOOK{Goodfellow,
    title={Deep Learning},
    author={Ian Goodfellow and Yoshua Bengio and Aaron Courville},
    publisher={MIT Press},
    note={\url{http://www.deeplearningbook.org}},
    year={2016}
}

@BOOK{Ertel2013,
	AUTHOR = {Ertel, Wolfgang},
	YEAR = {2013},
	TITLE = {Grundkurs K\"{u}nstliche Intelligenz - Eine praxisorientierte Einf\"{u}hrung},
	Auflage = {3. Aufl.},
	ISBN = {978-3-834-82157-7},
	PUBLISHER = {Springer-Verlag},
	ADDRESS = {Berlin Heidelberg New York},
} 

@BOOK{Rojas1996,
	AUTHOR = {Rojas, Raul AND Varga, Peter},
	YEAR = {1996},
	TITLE = {Neural Networks - A Systematic Introduction},
	EDITION = {},
	ISBN = {978-3-540-60505-8},
	PUBLISHER = {Springer Science, Business Media},
	ADDRESS = {Berlin Heidelberg},
}

@book{building,
  title={Building Machine Learning Projects with TensorFlow},
  author={Bonnin, R.},
  isbn={9781786466822},
  url={https://books.google.de/books?id=pZ3cDgAAQBAJ},
  year={2016},
  publisher={Packt Publishing}
}

@BOOK{Bishop1995,
	AUTHOR = {Bishop, Christopher M.},
	YEAR = {1995},
	TITLE = {Neural Networks for Pattern Recognition},
	EDITION = {},
	ISBN = {978-0-198-53864-6},
	PUBLISHER = {Clarendon Press},
	ADDRESS = {Oxford},
}
@misc{tensorflow2016-whitepaper,
title={ {TensorFlow}: A system for large-scale machine learning},
url={https://www.tensorflow.org/},
note={Software available from tensorflow.org},
author={
    Mart\'{\i}n Abadi and
    Paul Barham and
    Jianmin Chen and 
    Zhifeng Chen and
    Andy Davis and
    Jeffrey Dean and
	Matthieu Devin and
	Sanjay Ghemawat and
 	Geoffrey Irving and
 	Michael Isard and
   	Manjunath Kudlur and
	Josh Levenberg and
	Rajat Monga and
 	Sherry Moore and
 	Derek G. Murray and
 	Benoit Steiner and
 	Paul Tucker and
	Vijay Vasudevan and
	Pete Warden and
 	Martin Wicke and
 	Yuan Yu and 
 	Xiaoqiang Zheng},
  year={2016},
}



@misc{tensorflow2015-whitepaper,
title={ {TensorFlow}: Large-Scale Machine Learning on Heterogeneous Systems},
url={https://www.tensorflow.org/},
note={Software available from tensorflow.org},
author={
    Mart\'{\i}n~Abadi and
    Ashish~Agarwal and
    Paul~Barham and
    Eugene~Brevdo and
    Zhifeng~Chen and
    Craig~Citro and
    Greg~S.~Corrado and
    Andy~Davis and
    Jeffrey~Dean and
    Matthieu~Devin and
    Sanjay~Ghemawat and
    Ian~Goodfellow and
    Andrew~Harp and
    Geoffrey~Irving and
    Michael~Isard and
    Yangqing Jia and
    Rafal~Jozefowicz and
    Lukasz~Kaiser and
    Manjunath~Kudlur and
    Josh~Levenberg and
    Dan~Man\'{e} and
    Rajat~Monga and
    Sherry~Moore and
    Derek~Murray and
    Chris~Olah and
    Mike~Schuster and
    Jonathon~Shlens and
    Benoit~Steiner and
    Ilya~Sutskever and
    Kunal~Talwar and
    Paul~Tucker and
    Vincent~Vanhoucke and
    Vijay~Vasudevan and
    Fernanda~Vi\'{e}gas and
    Oriol~Vinyals and
    Pete~Warden and
    Martin~Wattenberg and
    Martin~Wicke and
    Yuan~Yu and
    Xiaoqiang~Zheng},
  year={2015},
}

@Book{Russell.2012,
  title         = {K{\"u}nstliche Intelligenz: Ein moderner Ansatz},
  publisher     = {{Pearson Higher Education}},
  year          = {2012},
  author        = {Russell, Stuart and Norvig, Peter and Kirchner, Frank},
  series        = {Always learning},
  address       = {M{\"u}nchen},
  edition       = {3., aktualisierte Aufl.},
  __markedentry = {[E62DWDD:5]},
  abstract      = {{\dq}K{\"u}nstliche Intelligenz{\dq} ist ein Teilgebiet der Informatik, das sich sehr schnell weiterentwickelt. Das Buch von S. Russell gilt als Standardwerk und liegt bereits in der 3. Auflage vor (fr{\"u}here Auflagen nicht besprochen). Die neue Auflage ist gr{\"u}ndlichst {\"u}berarbeitet. Vollst{\"a}ndig neu ist das einleitende Kapitel {\"u}ber maschinelles Lernen. Sehr gut behandelt werden jetzt auch die Websuche und die Informationsextraktion sowie Techniken f{\"u}r das Lernen aus sehr grossen Datenmengen. Ber{\"u}cksichtigt werden ebenfalls mikroelektronische Ger{\"a}te und Roboter sowie das Lernen gest{\"u}tzt auf neuronale Netze. Das Buch will Konzepte der k{\"u}nstlichen Intelligenz darstellen. An Hand der vielen Beispiele ist der Lehrstoff gut nachvollziehbar. Diese Beispiele werden konsequent abgeleitet aus der Grundidee eines intelligenten Agenten, der Wahrnehmungen aus seiner Umwelt in Reaktionen umsetzt. Angesprochen werden in 1. Linie Studierende des Grundstudiums; jedes der 27 Kapitel bietet Stoff f{\"u}r eine Vorlesungswoche. Einf{\"u}hrungen bieten auch U. L{\"a}mmel (BA 2/09, schon f{\"u}r Sekundarstuf II geeignet) und W. Ertel (BA 12/09). (3)},
  file          = {:C\:\\Users\\E62DWDD\\Downloads\\Literatur\\KÃ¼nstliche Intelligenz (3. Auflage).pdf:PDF},
  isbn          = {978-3-86894-098-5},
  keywords      = {rank5},
  price         = {EUR 69.95 (DE)},
}

@article{TURING.1950,
 author = {TURING, A. M.},
 year = {1950},
 title = {I.---COMPUTING MACHINERY AND INTELLIGENCE},
 pages = {433--460},
 volume = {LIX},
 number = {236},
 issn = {0026-4423},
 journal = {Mind},
 doi = {10.1093/mind/LIX.236.433}
}

@Article{Russell2015,
  author = {Russell, Stuart and Dewey, Daniel and Tegmark, Max},
  title  = {Research Priorities for Robust and Beneficial Artificial Intelligence},
  year   = {2015},
  month  = {jan},
  url    = {http://futureoflife.org/data/documents/research_priorities.pdf},
}

@Book{Barrat2013,
  title         = {Our Final Invention: Artificial Intelligence and the End of the Human Era},
  publisher     = {THOMAS DUNNE BOOKS},
  year          = {2013},
  author        = {James Barrat},
  __markedentry = {[E62DWDD:1]},
  date          = {2013-10-01},
  ean           = {9780312622374},
  isbn          = {0312622376},
  pagetotal     = {336 Seiten},
  url           = {http://www.ebook.de/de/product/20253628/james_barrat_our_final_invention_artificial_intelligence_and_the_end_of_the_human_era.html},
}

