% This file was created with JabRef 2.10b2.
% Encoding: Cp1252

@misc{tensorflow2016-whitepaper,
title={ {TensorFlow}: A system for large-scale machine learning},
url={https://www.tensorflow.org/},
note={Software available from tensorflow.org},
author={
    Mart\'{\i}n Abadi and
    Paul Barham and
    Jianmin Chen and 
    Zhifeng Chen and
    Andy Davis and
    Jeffrey Dean and
	Matthieu Devin and
	Sanjay Ghemawat and
 	Geoffrey Irving and
 	Michael Isard and
   	Manjunath Kudlur and
	Josh Levenberg and
	Rajat Monga and
 	Sherry Moore and
 	Derek G. Murray and
 	Benoit Steiner and
 	Paul Tucker and
	Vijay Vasudevan and
	Pete Warden and
 	Martin Wicke and
 	Yuan Yu and 
 	Xiaoqiang Zheng},
  year={2016},
}



@misc{tensorflow2015-whitepaper,
title={ {TensorFlow}: Large-Scale Machine Learning on Heterogeneous Systems},
url={https://www.tensorflow.org/},
note={Software available from tensorflow.org},
author={
    Mart\'{\i}n~Abadi and
    Ashish~Agarwal and
    Paul~Barham and
    Eugene~Brevdo and
    Zhifeng~Chen and
    Craig~Citro and
    Greg~S.~Corrado and
    Andy~Davis and
    Jeffrey~Dean and
    Matthieu~Devin and
    Sanjay~Ghemawat and
    Ian~Goodfellow and
    Andrew~Harp and
    Geoffrey~Irving and
    Michael~Isard and
    Yangqing Jia and
    Rafal~Jozefowicz and
    Lukasz~Kaiser and
    Manjunath~Kudlur and
    Josh~Levenberg and
    Dan~Man\'{e} and
    Rajat~Monga and
    Sherry~Moore and
    Derek~Murray and
    Chris~Olah and
    Mike~Schuster and
    Jonathon~Shlens and
    Benoit~Steiner and
    Ilya~Sutskever and
    Kunal~Talwar and
    Paul~Tucker and
    Vincent~Vanhoucke and
    Vijay~Vasudevan and
    Fernanda~Vi\'{e}gas and
    Oriol~Vinyals and
    Pete~Warden and
    Martin~Wattenberg and
    Martin~Wicke and
    Yuan~Yu and
    Xiaoqiang~Zheng},
  year={2015},
}





